@article{AAP11,
  TITLE = {{Load Balancing in Processor Sharing Systems}},
  AUTHOR = {Altman, Eitan and Ayesta, Urtzi and Prabhu, Balakrishna},
  JOURNAL = {{Telecommunication Systems}},
  PUBLISHER = {{Springer Verlag (Germany)}},
  VOLUME = {47},
  NUMBER = {1-2},
  PAGES = {pp.35-48},
  YEAR = {2011},
  MONTH = May
}
@misc{ivo,
  title={Queueing theory},
  author={Adan, Ivo and Resing, Jacques},
  year={2002},
  publisher={Eindhoven University of Technology Eindhoven}
}
